{
  "leader": "02125cam a2200433 i 4500",
  "fields": [
    {
      "001": "ocm00107322\\"
    },
    {
      "003": "OCoLC"
    },
    {
      "005": "20220105095641.0"
    },
    {
      "008": "710106s1970\\\\\\\\nyuab\\\\\\\\bs\\\\\\001\\0\\eng\\\\"
    },
    {
      "010": {
        "ind1": "\\",
        "ind2": "\\",
        "subfields": [
          {
            "a": "   75123721 "
          }
        ]
      }
    },
    {
      "040": {
        "ind1": "\\",
        "ind2": "\\",
        "subfields": [
          {
            "a": "DLC"
          },
          {
            "b": "eng"
          },
          {
            "e": "rda"
          },
          {
            "c": "DLC"
          },
          {
            "d": "SER"
          },
          {
            "d": "UKM"
          },
          {
            "d": "NLGGC"
          },
          {
            "d": "BTCTA"
          },
          {
            "d": "LVB"
          },
          {
            "d": "OG#"
          },
          {
            "d": "OCLCO"
          },
          {
            "d": "OCLCF"
          },
          {
            "d": "OCLCQ"
          },
          {
            "d": "CNUTO"
          },
          {
            "d": "NJR"
          },
          {
            "d": "GZM"
          },
          {
            "d": "OCLCQ"
          },
          {
            "d": "HDC"
          },
          {
            "d": "OCLCO"
          },
          {
            "d": "ZD0"
          },
          {
            "d": "OCLCO"
          }
        ]
      }
    },
    {
      "019": {
        "ind1": "\\",
        "ind2": "\\",
        "subfields": [
          {
            "a": "16191909"
          },
          {
            "a": "911796346"
          },
          {
            "a": "976851976"
          },
          {
            "a": "978909000"
          },
          {
            "a": "986701187"
          },
          {
            "a": "1037124175"
          },
          {
            "a": "1037127680"
          },
          {
            "a": "1080667446"
          },
          {
            "a": "1271159673"
          },
          {
            "a": "1284217731"
          }
        ]
      }
    },
    {
      "020": {
        "ind1": "\\",
        "ind2": "\\",
        "subfields": [
          {
            "a": "0275280519"
          }
        ]
      }
    },
    {
      "020": {
        "ind1": "\\",
        "ind2": "\\",
        "subfields": [
          {
            "a": "9780275280512"
          }
        ]
      }
    },
    {
      "035": {
        "ind1": "\\",
        "ind2": "\\",
        "subfields": [
          {
            "a": "(OCoLC)107322"
          },
          {
            "z": "(OCoLC)16191909"
          },
          {
            "z": "(OCoLC)911796346"
          },
          {
            "z": "(OCoLC)976851976"
          },
          {
            "z": "(OCoLC)978909000"
          },
          {
            "z": "(OCoLC)986701187"
          },
          {
            "z": "(OCoLC)1037124175"
          },
          {
            "z": "(OCoLC)1037127680"
          },
          {
            "z": "(OCoLC)1080667446"
          },
          {
            "z": "(OCoLC)1271159673"
          },
          {
            "z": "(OCoLC)1284217731"
          }
        ]
      }
    },
    {
      "050": {
        "ind1": "0",
        "ind2": "0",
        "subfields": [
          {
            "a": "HD8038.A1"
          },
          {
            "b": "E3"
          }
        ]
      }
    },
    {
      "072": {
        "ind1": "\\",
        "ind2": "7",
        "subfields": [
          {
            "a": "se"
          },
          {
            "2": "rero"
          }
        ]
      }
    },
    {
      "072": {
        "ind1": "\\",
        "ind2": "7",
        "subfields": [
          {
            "a": "ss"
          },
          {
            "2": "rero"
          }
        ]
      }
    },
    {
      "082": {
        "ind1": "0",
        "ind2": "0",
        "subfields": [
          {
            "a": "331.127"
          },
          {
            "b": "COM"
          }
        ]
      }
    },
    {
      "110": {
        "ind1": "2",
        "ind2": "\\",
        "subfields": [
          {
            "a": "Committee on the International Migration of Talent."
          }
        ]
      }
    },
    {
      "245": {
        "ind1": "1",
        "ind2": "4",
        "subfields": [
          {
            "a": "The international migration of high-level manpower :"
          },
          {
            "b": "its impact on the development process /"
          },
          {
            "c": "foreword by William W. Marvel ; introduction by Charles V. Kidd."
          }
        ]
      }
    },
    {
      "264": {
        "ind1": "\\",
        "ind2": "1",
        "subfields": [
          {
            "a": "New York :"
          },
          {
            "b": "Praeger,"
          },
          {
            "c": "[1970]"
          }
        ]
      }
    },
    {
      "264": {
        "ind1": "\\",
        "ind2": "4",
        "subfields": [
          {
            "c": "\u00a91970"
          }
        ]
      }
    },
    {
      "300": {
        "ind1": "\\",
        "ind2": "\\",
        "subfields": [
          {
            "a": "xxxvi, 738 pages :"
          },
          {
            "b": "illustrations, maps ;"
          },
          {
            "c": "25 cm."
          }
        ]
      }
    },
    {
      "336": {
        "ind1": "\\",
        "ind2": "\\",
        "subfields": [
          {
            "a": "text"
          },
          {
            "b": "txt"
          },
          {
            "2": "rdacontent"
          }
        ]
      }
    },
    {
      "337": {
        "ind1": "\\",
        "ind2": "\\",
        "subfields": [
          {
            "a": "unmediated"
          },
          {
            "b": "n"
          },
          {
            "2": "rdamedia"
          }
        ]
      }
    },
    {
      "338": {
        "ind1": "\\",
        "ind2": "\\",
        "subfields": [
          {
            "a": "volume"
          },
          {
            "b": "nc"
          },
          {
            "2": "rdacarrier"
          }
        ]
      }
    },
    {
      "490": {
        "ind1": "1",
        "ind2": "\\",
        "subfields": [
          {
            "a": "Praeger special studies in international economics and development."
          }
        ]
      }
    },
    {
      "504": {
        "ind1": "\\",
        "ind2": "\\",
        "subfields": [
          {
            "a": "Includes bibliographical references."
          }
        ]
      }
    },
    {
      "583": {
        "ind1": "\\",
        "ind2": "\\",
        "subfields": [
          {
            "a": "commitment to retain"
          },
          {
            "c": "20151204"
          },
          {
            "2": "pda"
          },
          {
            "5": "OTUTLD"
          }
        ]
      }
    },
    {
      "650": {
        "ind1": "\\",
        "ind2": "0",
        "subfields": [
          {
            "a": "Brain drain."
          }
        ]
      }
    },
    {
      "650": {
        "ind1": "\\",
        "ind2": "7",
        "subfields": [
          {
            "a": "Brain drain."
          },
          {
            "2": "fast"
          },
          {
            "0": "(OCoLC)fst00837756"
          }
        ]
      }
    },
    {
      "700": {
        "ind1": "1",
        "ind2": "\\",
        "subfields": [
          {
            "a": "Marvel, William W.,"
          },
          {
            "e": "writer of foreword."
          }
        ]
      }
    },
    {
      "700": {
        "ind1": "1",
        "ind2": "\\",
        "subfields": [
          {
            "a": "Kidd, Charles V.,"
          },
          {
            "e": "writer of introduction."
          }
        ]
      }
    },
    {
      "776": {
        "ind1": "0",
        "ind2": "8",
        "subfields": [
          {
            "i": "Online version:"
          },
          {
            "a": "Education and World Affairs. Committee on the International Migration of Talent."
          },
          {
            "t": "International migration of high-level manpower."
          },
          {
            "d": "New York, Praeger [1970]"
          },
          {
            "w": "(OCoLC)654546029"
          }
        ]
      }
    },
    {
      "830": {
        "ind1": "\\",
        "ind2": "0",
        "subfields": [
          {
            "a": "Praeger special studies in international economics and development."
          }
        ]
      }
    },
    {
      "994": {
        "ind1": "\\",
        "ind2": "\\",
        "subfields": [
          {
            "a": "Z0"
          },
          {
            "b": "NYRVC"
          }
        ]
      }
    },
    {
      "948": {
        "ind1": "\\",
        "ind2": "\\",
        "subfields": [
          {
            "h": "NO HOLDINGS IN NYRVC - 362 OTHER HOLDINGS"
          }
        ]
      }
    },
    {
      "999": {
        "ind1": "\\",
        "ind2": "\\",
        "subfields": [
          {
            "a": "00000000015230"
          }
        ]
      }
    }
  ]
}